<record><leader>00000cas a22000007a 4500</leader><controlfield tag="001">1604814</controlfield><controlfield tag="008">750907d18491851mnuwr ne      0    0eng d</controlfield><datafield ind1=" " ind2=" " tag="010"><subfield code="a">sn 83016837 </subfield></datafield><datafield ind1=" " ind2=" " tag="040"><subfield code="a">MUL</subfield><subfield code="b">eng</subfield><subfield code="c">MUL</subfield><subfield code="d">DLC</subfield><subfield code="d">NPX</subfield><subfield code="d">MN#</subfield><subfield code="d">DLC</subfield><subfield code="d">OCL</subfield><subfield code="d">OCLCF</subfield><subfield code="d">OCLCO</subfield><subfield code="d">CUS</subfield></datafield><datafield ind1=" " ind2=" " tag="042"><subfield code="a">msc</subfield></datafield><datafield ind1=" " ind2=" " tag="043"><subfield code="a">n-us-mn</subfield></datafield><datafield ind1="0" ind2="0" tag="050"><subfield code="a">Newspaper 8499</subfield></datafield><datafield ind1="1" ind2="4" tag="050"><subfield code="a">AN</subfield></datafield><datafield ind1=" " ind2=" " tag="052"><subfield code="a">4144</subfield><subfield code="b">S4</subfield></datafield><datafield ind1="0" ind2="0" tag="245"><subfield code="a">Minnesota chronicle and register.</subfield></datafield><datafield ind1=" " ind2=" " tag="260"><subfield code="a">Saint Paul, Minn. Territory :</subfield><subfield code="b">Hughes &amp; Owens</subfield><subfield code="c">1849-1851.</subfield></datafield><datafield ind1=" " ind2=" " tag="300"><subfield code="a">2 volumes</subfield></datafield><datafield ind1=" " ind2=" " tag="310"><subfield code="a">Weekly</subfield></datafield><datafield ind1=" " ind2=" " tag="336"><subfield code="a">text</subfield><subfield code="b">txt</subfield><subfield code="2">rdacontent</subfield></datafield><datafield ind1=" " ind2=" " tag="337"><subfield code="a">unmediated</subfield><subfield code="b">n</subfield><subfield code="2">rdamedia</subfield></datafield><datafield ind1=" " ind2=" " tag="338"><subfield code="a">volume</subfield><subfield code="b">nc</subfield><subfield code="2">rdacarrier</subfield></datafield><datafield ind1="0" ind2=" " tag="362"><subfield code="a">New ser., v. 1, no. 1 (Aug. 25, 1849)-v. 2, no. 24 (Feb. 17, 1851).</subfield></datafield><datafield ind1=" " ind2=" " tag="530"><subfield code="a">Available on microfilm from the Minnesota Historical Society.</subfield></datafield><datafield ind1=" " ind2="0" tag="651"><subfield code="a">Saint Paul (Minn.)</subfield><subfield code="v">Newspapers.</subfield></datafield><datafield ind1=" " ind2="7" tag="651"><subfield code="a">Minnesota</subfield><subfield code="z">Saint Paul.</subfield><subfield code="2">fast</subfield><subfield code="0">(OCoLC)fst01212130</subfield></datafield><datafield ind1=" " ind2="7" tag="655"><subfield code="a">Newspapers.</subfield><subfield code="2">fast</subfield><subfield code="0">(OCoLC)fst01423814</subfield></datafield><datafield ind1=" " ind2=" " tag="752"><subfield code="a">United States</subfield><subfield code="b">Minnesota</subfield><subfield code="c">Ramsey</subfield><subfield code="d">Saint Paul.</subfield></datafield><datafield ind1="0" ind2="4" tag="780"><subfield code="t">Minnesota chronicle</subfield><subfield code="w">(DLC)sn 90059510</subfield><subfield code="w">(OCoLC)1587922</subfield></datafield><datafield ind1="0" ind2="4" tag="780"><subfield code="t">Minnesota register</subfield><subfield code="w">(DLC)sn 84024824</subfield><subfield code="w">(OCoLC)11353273</subfield></datafield><datafield ind1="0" ind2="4" tag="785"><subfield code="t">Minnesota Democrat (Saint Paul, Minn. : 1850)</subfield><subfield code="w">(DLC)sn 83016839</subfield><subfield code="w">(OCoLC)1607311</subfield></datafield><datafield ind1="1" ind2=" " tag="029"><subfield code="a">AU@</subfield><subfield code="b">000020122075</subfield></datafield></record>